<?xml version="1.0" encoding="UTF-8"?><collection xmlns="http://www.loc.gov/MARC21/slim"><record><leader>00466nam--2200157-i-4500</leader><controlfield tag="001">000005327</controlfield><controlfield tag="002">20161230</controlfield><controlfield tag="005">20170107121636</controlfield><controlfield tag="008">060222s1000------------r-----000-0-eng-d</controlfield><datafield ind1=" " ind2=" " tag="100"><subfield code="a">Berkes, I</subfield></datafield><datafield ind1=" " ind2=" " tag="245"><subfield code="a">Energy dependence of the reaction cross sectio n for o16(,n)o15</subfield></datafield><datafield ind1=" " ind2=" " tag="260"><subfield code="a">Budapest</subfield><subfield code="c">1960</subfield></datafield><datafield ind1=" " ind2=" " tag="300"><subfield code="a">6 p. + 1 Fig</subfield></datafield><datafield ind1=" " ind2=" " tag="490"><subfield code="a">Central Research Insstitute Of Physics Of The Hungarian Academy Of Sciences</subfield></datafield><datafield ind1=" " ind2=" " tag="852"><subfield code="a">7292</subfield></datafield><datafield ind1=" " ind2=" " tag="CAT"><subfield code="a">SYS</subfield><subfield code="c">20170107</subfield><subfield code="h">121636</subfield></datafield></record></collection>